<record><leader>00000cas a2200000 a 4500</leader><controlfield tag="001">12219241</controlfield><controlfield tag="008">850701d18881888ksuwr ne      0    0eng d</controlfield><datafield ind1=" " ind2=" " tag="010"><subfield code="a">sn 85030642 </subfield></datafield><datafield ind1=" " ind2=" " tag="040"><subfield code="a">KSH</subfield><subfield code="b">eng</subfield><subfield code="c">KSH</subfield><subfield code="d">NPT</subfield><subfield code="d">OCL</subfield><subfield code="d">OCLCQ</subfield></datafield><datafield ind1=" " ind2=" " tag="042"><subfield code="a">msc</subfield></datafield><datafield ind1="0" ind2=" " tag="130"><subfield code="a">Plain dealer (Pratt, Kan.)</subfield></datafield><datafield ind1="1" ind2="4" tag="245"><subfield code="a">The plain dealer.</subfield></datafield><datafield ind1="3" ind2="0" tag="246"><subfield code="a">Plaindealer</subfield></datafield><datafield ind1=" " ind2=" " tag="260"><subfield code="a">Pratt, Kan. :</subfield><subfield code="b">James A. Bryan,</subfield><subfield code="c">1888-</subfield></datafield><datafield ind1=" " ind2=" " tag="300"><subfield code="a">v. ;</subfield><subfield code="c">61 cm.</subfield></datafield><datafield ind1=" " ind2=" " tag="310"><subfield code="a">Weekly</subfield></datafield><datafield ind1="0" ind2=" " tag="362"><subfield code="a">Vol. 1, no. 1 (July 14, 1888)-</subfield></datafield><datafield ind1="1" ind2=" " tag="362"><subfield code="a">Ceased with Nov. 9, 1888 issue?</subfield></datafield><datafield ind1=" " ind2=" " tag="500"><subfield code="a">"Union Labor party."</subfield></datafield><datafield ind1=" " ind2=" " tag="752"><subfield code="a">United States</subfield><subfield code="b">Kansas</subfield><subfield code="c">Pratt</subfield><subfield code="d">Pratt.</subfield></datafield></record>